<record><leader>00000cas a2200000 a 4500</leader><controlfield tag="001">9802593</controlfield><controlfield tag="008">830811d182u1847nyuwr ne      0    0eng c</controlfield><datafield ind1=" " ind2=" " tag="010"><subfield code="a">sn 83031162 </subfield><subfield code="z">sn 84031658 </subfield></datafield><datafield ind1=" " ind2=" " tag="040"><subfield code="a">NPU</subfield><subfield code="b">eng</subfield><subfield code="c">NPU</subfield><subfield code="d">DLC</subfield><subfield code="d">NPX</subfield><subfield code="d">OCL</subfield><subfield code="d">NPH</subfield><subfield code="d">IUL</subfield><subfield code="d">NYS</subfield><subfield code="d">CNK</subfield><subfield code="d">OCL</subfield><subfield code="d">DLC</subfield><subfield code="d">OCLCQ</subfield><subfield code="d">OCLCF</subfield><subfield code="d">OCLCO</subfield></datafield><datafield ind1=" " ind2=" " tag="019"><subfield code="a">11220835</subfield></datafield><datafield ind1="1" ind2=" " tag="029"><subfield code="a">AU@</subfield><subfield code="b">000020127351</subfield></datafield><datafield ind1=" " ind2=" " tag="042"><subfield code="a">pcc</subfield></datafield><datafield ind1=" " ind2=" " tag="043"><subfield code="a">n-us-ny</subfield></datafield><datafield ind1="0" ind2="0" tag="050"><subfield code="a">Newspaper 8829-X</subfield></datafield><datafield ind1="0" ind2="0" tag="245"><subfield code="a">Ithaca journal &amp; general advertiser.</subfield></datafield><datafield ind1="3" ind2="0" tag="246"><subfield code="a">Ithaca journal and general advertiser</subfield></datafield><datafield ind1="1" ind2="3" tag="246"><subfield code="a">Ithaca journal</subfield></datafield><datafield ind1=" " ind2=" " tag="260"><subfield code="a">Ithaca, County of Tompkins, N.Y. :</subfield><subfield code="b">Mack &amp; Andrus</subfield></datafield><datafield ind1=" " ind2=" " tag="300"><subfield code="a">v. ;</subfield><subfield code="c">57 cm.</subfield></datafield><datafield ind1=" " ind2=" " tag="310"><subfield code="a">Weekly</subfield></datafield><datafield ind1="0" ind2=" " tag="362"><subfield code="a">-v. 31, no. 40 (Apr. 21, 1847) = -whole no. 1548.</subfield></datafield><datafield ind1=" " ind2=" " tag="500"><subfield code="a">Published as: Ithaca journal and general advertiser, &lt;Dec. 1829-July 1833&gt;; &lt;1844-1847&gt;.</subfield></datafield><datafield ind1=" " ind2=" " tag="500"><subfield code="a">Publishers: Mack &amp; Andrus, Aug. 8, 1827-&lt;1833&gt;; N. Randall, &lt;1836-1837&gt;; Randall &amp; Mattison, &lt;1837-1838&gt;; Mattison &amp; Barnaby, &lt;1838-1839&gt;; A.E. Barnaby, &lt;1839-1840&gt;; Alfred Wells, &lt;1840-1841&gt;; Wells &amp; Selkreg, &lt;1841-1847&gt;.</subfield></datafield><datafield ind1=" " ind2=" " tag="500"><subfield code="a">Editor: Ebenezer Mack, &lt;1828&gt;.</subfield></datafield><datafield ind1=" " ind2=" " tag="580"><subfield code="a">Absorbed: Ithaca herald. Cf. Faibisoff, S.G. Bibl. of newspapers in 14 N.Y. counties.</subfield></datafield><datafield ind1=" " ind2=" " tag="588"><subfield code="a">Description based on: Vol. 11, no. 1 (Aug. 8, 1827).</subfield></datafield><datafield ind1=" " ind2="0" tag="651"><subfield code="a">Ithaca (N.Y.)</subfield><subfield code="v">Newspapers.</subfield></datafield><datafield ind1=" " ind2="7" tag="655"><subfield code="a">Newspapers.</subfield><subfield code="2">fast</subfield><subfield code="0">(OCoLC)fst01423814</subfield></datafield><datafield ind1=" " ind2="7" tag="651"><subfield code="a">New York (State)</subfield><subfield code="z">Ithaca.</subfield><subfield code="2">fast</subfield><subfield code="0">(OCoLC)fst01205507</subfield></datafield><datafield ind1=" " ind2=" " tag="752"><subfield code="a">United States</subfield><subfield code="b">New York</subfield><subfield code="c">Tompkins</subfield><subfield code="d">Ithaca.</subfield></datafield><datafield ind1="0" ind2="0" tag="780"><subfield code="t">Ithaca journal, literary gazette and general advertiser</subfield><subfield code="w">(DLC)sn 86081743</subfield></datafield><datafield ind1="1" ind2="5" tag="780"><subfield code="t">Ithaca herald</subfield><subfield code="g">1837</subfield><subfield code="w">(DLC)sn 89029574</subfield></datafield><datafield ind1="0" ind2="0" tag="785"><subfield code="t">Ithaca journal and advertiser</subfield><subfield code="w">(DLC)sn 84031814</subfield></datafield></record>